@misc{letta2024,
  author       = {Letta AI Contributors},
  title        = {Letta: Memory-Enhanced Agents with MemGPT},
  year         = {2024},
  howpublished = {\url{https://github.com/letta-ai/letta}},
  note         = {Accessed: 2025-07-05}
}

@article{yin2024godel,
  title={Gödel Agent: A Self-Referential Agent Framework for Recursively Self-Improvement},
  author={Yin, Xunjian and Wang, Xinyi and Pan, Liangming and Lin, Li and Wan, Xiaojun and Wang, William Yang},
  journal={arXiv preprint arXiv:2410.04444},
  year={2024},
  month={October},
  url={https://arxiv.org/abs/2410.04444},
  doi={10.48550/arXiv.2410.04444},
  note={ACL 2025 main}
}

@misc{Mukai2020,
  author        = {Mukai, Ryan},
  title         = {Simple Reasoning and Knowledge States in an LSTM-Based Agent},
  institution   = {Open Science Framework},
  year          = {2020},
  url           = {https://osf.io/preprints/osf/vj2q4_v1}
}

@misc{lewis2020,
      title={Retrieval-Augmented Generation for Knowledge-Intensive NLP Tasks}, 
      author={Patrick Lewis and Ethan Perez and Aleksandra Piktus and Fabio Petroni and Vladimir Karpukhin and Naman Goyal and Heinrich Küttler and Mike Lewis and Wen-tau Yih and Tim Rocktäschel and Sebastian Riedel and Douwe Kiela},
      year={2021},
      eprint={2005.11401},
      archivePrefix={arXiv},
      primaryClass={cs.CL},
      url={https://arxiv.org/abs/2005.11401}, 
}

@inproceedings{xu2022narrate,
  title={Narrate Dialogues for Better Summarization},
  author={Xu, Ruochen and Zhu, Chenguang and Zeng, Michael},
  booktitle={Findings of the Association for Computational Linguistics: EMNLP 2022},
  pages={3565--3575},
  year={2022},
  month={December},
  address={Abu Dhabi, United Arab Emirates},
  publisher={Association for Computational Linguistics},
  url={https://aclanthology.org/2022.findings-emnlp.261/},
  doi={10.18653/v1/2022.findings-emnlp.261}
}

@inproceedings{xiong2024large,
  title={Large Language Models Can Learn Temporal Reasoning},
  author={Xiong, Siheng and Payani, Ali and Kompella, Ramana and Fekri, Faramarz},
  booktitle={Proceedings of the 62nd Annual Meeting of the Association for Computational Linguistics (Volume 1: Long Papers)},
  pages={10452--10470},
  year={2024},
  month={August},
  address={Bangkok, Thailand},
  publisher={Association for Computational Linguistics},
  url={https://aclanthology.org/2024.acl-long.563/},
  doi={10.18653/v1/2024.acl-long.563}
}

@inproceedings{Soares2015,
  author        = {Soares, Nate and Fallenstein, Benja and Yudkowsky, Eliezer and Armstrong, Stuart},
  title         = {Corrigibility},
  booktitle     = {AAAI 2015 Workshop on AI Safety/Ethics},
  year          = {2015},
  pages         = {1-10}
}

@article{wei2022emergent,
  title={Emergent Abilities of Large Language Models},
  author={Wei, Jason and Tay, Yi and Bommasani, Rishi and Raffel, Colin and Zoph, Barret and Borgeaud, Sebastian and Yogatama, Dani and Bosma, Maarten and Zhou, Denny and Metzler, Donald and Chi, Ed H. and Hashimoto, Tatsunori and Vinyals, Oriol and Liang, Percy and Dean, Jeff and Fedus, William},
  journal={Transactions on Machine Learning Research},
  year={2022},
  url={https://openreview.net/forum?id=yzkSU5zdwD},
  note={TMLR}
}

@misc{LangGraphAgent2025,
  author        = {Mukai, Ryan},
  title         = {LangGraph Agent Codebase},
  howpublished  = {\url{https://github.com/CoderRyan800/langgraph_agent_1}},
  year          = {2025}
}

@misc{li2025ai,
      title={AI Awareness}, 
      author={Xiaojian Li and Haoyuan Shi and Rongwu Xu and Wei Xu},
      year={2025},
      eprint={2504.20084},
      archivePrefix={arXiv},
      primaryClass={cs.AI},
      url={https://arxiv.org/abs/2504.20084}, 
}

@article{zhang2025darwin,
  title={Darwin Gödel Machine: Open-Ended Evolution of Self-Improving Agents},
  author={Zhang, Jenny and Hu, Shengran and Lu, Cong and Lange, Robert and Clune, Jeff},
  journal={arXiv preprint arXiv:2505.22954v1},
  year={2025},
  month={May},
  url={https://arxiv.org/abs/2505.22954},
  doi={10.48550/arXiv.2505.22954}
}

@article{spivack2025hierarchical,
  title={A Hierarchical Framework for Metacognitive Capability in Artificial Intelligence: Eleven Tiers of Epistemic Self-Awareness},
  author={Spivack, Nova},
  journal={Mindcorp.ai Technical Reports},
  year={2025},
  month={May},
  url={https://www.novaspivack.com/a-hierarchical-framework-for-metacognitive-capability-in-artificial-intelligence-5},
  note={Accessed: 2025-06-03}
}


